
@misc{noauthor_fundamental_nodate,
	title = {Fundamental and {Harmonic} {Frequencies}},
	url = {https://www.teachmeaudio.com/recording/sound-reproduction/fundamental-harmonic-frequencies/},
	abstract = {Musical sounds consist of a fundamental frequency, harmonics and overtones.  It is the addition of harmonics and overtones that make it possible to distinguish between different sounds.},
	language = {en},
	urldate = {2018-11-11},
	journal = {Teach Me Audio},
	file = {Snapshot:C\:\\Users\\bowli\\Zotero\\storage\\M6CH58AS\\fundamental-harmonic-frequencies.html:text/html}
}