
@article{slater_immersion_2018,
	title = {Immersion and the illusion of presence in virtual reality},
	volume = {109},
	issn = {00071269},
	url = {http://doi.wiley.com/10.1111/bjop.12305},
	doi = {10.1111/bjop.12305},
	language = {en},
	number = {3},
	urldate = {2018-11-06},
	journal = {British Journal of Psychology},
	author = {Slater, Mel},
	month = aug,
	year = {2018},
	pages = {431--433},
	file = {Slater - 2018 - Immersion and the illusion of presence in virtual .pdf:C\:\\Users\\bowli\\Zotero\\storage\\AV27WH5D\\Slater - 2018 - Immersion and the illusion of presence in virtual .pdf:application/pdf}
}